@article{hinton86,
  added-at = {2016-11-14T16:40:37.000+0100},
  author = {Rumelhart, David E. and Hinton, Geoffrey E. and Williams, Ronald J.},
  biburl = {https://www.bibsonomy.org/bibtex/201265362c8c55c577857bcb9db678267/albinzehe},
  comment = {10.1038/323533a0},
  description = {Learning representations by back-propagating errors},
  interhash = {c354bc293fa9aa7caffc66d40a014903},
  intrahash = {01265362c8c55c577857bcb9db678267},
  journal = {Nature},
  keywords = {deeplearning ma-zehe neuralnet},
  month = oct,
  number = 6088,
  pages = {533--536},
  timestamp = {2016-11-14T16:40:37.000+0100},
  title = {Learning representations by back-propagating errors},
  url = {http://dx.doi.org/10.1038/323533a0},
  volume = 323,
  year = 1986
}
